@book{dolan2017algebraic,
  title={Algebraic Subtyping},
  author={Dolan, Stephen},
  year={2017},
  publisher={Chartered Institute for IT}
}
@article{hillerstrom2017continuation,
  title={Continuation passing style for effect handlers},
  author={Hillerstr{\"o}m, Daniel and Lindley, Sam and Atkey, Robert and Sivaramakrishnan, KC},
  year={2017},
  publisher={Dagstuhl Publishing}
}
